<collection xmlns="http://www.loc.gov/MARC21/slim">
<record>
  <leader>01481nam0a2200289 i 450 </leader>
  <controlfield tag="001">IT\ICCU\CNCE\015402</controlfield>
  <controlfield tag="005">20071001000000.0</controlfield>
  <datafield tag="012" ind1=" " ind2=" ">
    <subfield code="a">lolo sain liro i.de (C) 1523 (R)</subfield>
    <subfield code="2">fei</subfield>
  </datafield>
  <datafield tag="100" ind1=" " ind2=" ">
    <subfield code="a">19970101d1523        0itac0103    ba</subfield>
  </datafield>
  <datafield tag="101" ind1=" " ind2=" ">
    <subfield code="a">ITA</subfield>
  </datafield>
  <datafield tag="102" ind1=" " ind2=" ">
    <subfield code="a">IT</subfield>
  </datafield>
  <datafield tag="200" ind1="1" ind2=" ">
    <subfield code="a">Regula de la Confraternitate de li Disciplinati de tutto el diocesi de Bergamo sotto el confalone de la beata Maria Magdalena ... stampato nouamente ad instantia de meser Paulo Casotto</subfield>
  </datafield>
  <datafield tag="210" ind1=" " ind2=" ">
    <subfield code="e">In Milano</subfield>
    <subfield code="g">per Bernardino da Castello</subfield>
    <subfield code="h">1523. Adi XX de Zugno</subfield>
  </datafield>
  <datafield tag="215" ind1=" " ind2=" ">
    <subfield code="a">\9! c.</subfield>
    <subfield code="c">ill.</subfield>
    <subfield code="d">8ʻ</subfield>
  </datafield>
  <datafield tag="620" ind1=" " ind2=" ">
    <subfield code="a">IT</subfield>
    <subfield code="d">Milano</subfield>
  </datafield>
  <datafield tag="710" ind1="0" ind2="2">
    <subfield code="a">Confraternita dei Disciplinati di S. Maria Maddalena</subfield>
    <subfield code="c"> &lt;Bergamo&gt;</subfield>
    <subfield code="3">IT\ICCU\CNCT\003864</subfield>
  </datafield>
  <datafield tag="712" ind1="0" ind2="2">
    <subfield code="a">Bergamo</subfield>
    <subfield code="c"> &lt;Diocesi&gt;</subfield>
    <subfield code="3">IT\ICCU\CNCT\001639</subfield>
  </datafield>
  <datafield tag="712" ind1="0" ind2="0">
    <subfield code="a">Castello, Bernardino</subfield>
    <subfield code="3">IT\ICCU\CNCT\000210</subfield>
    <subfield code="4">650</subfield>
  </datafield>
  <datafield tag="712" ind1="0" ind2="0">
    <subfield code="a">Casotto, Paolo</subfield>
    <subfield code="3">IT\ICCU\CNCT\001701</subfield>
    <subfield code="4">650</subfield>
  </datafield>
  <datafield tag="791" ind1="0" ind2="2">
    <subfield code="a">Scuola dei Disciplini</subfield>
    <subfield code="c"> &lt;Bergamo&gt;</subfield>
    <subfield code="3">IT\ICCU\CNCT\003865</subfield>
    <subfield code="z">Confraternita dei Disciplinati di S. Maria Maddalena &lt;Bergamo&gt;</subfield>
  </datafield>
  <datafield tag="791" ind1="0" ind2="2">
    <subfield code="a">Ecclesia Bergomensis</subfield>
    <subfield code="3">20587</subfield>
    <subfield code="z">Bergamo &lt;Diocesi&gt;</subfield>
  </datafield>
  <datafield tag="791" ind1="0" ind2="0">
    <subfield code="a">Castello, Bernardinus de</subfield>
    <subfield code="3">IT\ICCU\CNCT\004514</subfield>
    <subfield code="z">Castello, Bernardino</subfield>
  </datafield>
  <datafield tag="791" ind1="0" ind2="0">
    <subfield code="a">Castellus, Bernardinus</subfield>
    <subfield code="3">IT\ICCU\CNCT\004516</subfield>
    <subfield code="z">Castello, Bernardino</subfield>
  </datafield>
  <datafield tag="791" ind1="0" ind2="0">
    <subfield code="a">Del Castello, Bernardino</subfield>
    <subfield code="3">IT\ICCU\CNCT\004517</subfield>
    <subfield code="z">Castello, Bernardino</subfield>
  </datafield>
  <datafield tag="791" ind1="0" ind2="2">
    <subfield code="a">Bernardino da Castello</subfield>
    <subfield code="3">IT\ICCU\CNCT\004519</subfield>
    <subfield code="z">Castello, Bernardino</subfield>
  </datafield>
  <datafield tag="801" ind1=" " ind2="3">
    <subfield code="a">IT</subfield>
    <subfield code="b">ICCU</subfield>
    <subfield code="c">20201114</subfield>
  </datafield>
  <datafield tag="899" ind1=" " ind2=" ">
    <subfield code="a">Biblioteca civica A. Mai. Bergamo</subfield>
    <subfield code="1">BG0026</subfield>
    <subfield code="2">LO1 02</subfield>
  </datafield>
</record>
</collection>
